@article{01,
  author  = {G. J. {Sullivan} and J. {Ohm} and W. {Han} and T. {Wiegand}},
  journal = {IEEE Transactions on Circuits and Systems for Video Technology},
  title   = {{Overview of the High Efficiency Video Coding (HEVC) Standard}},
  year    = {2012},
  volume  = {22},
  number  = {12},
  pages   = {1649-1668},
  doi     = {10.1109/TCSVT.2012.2221191}
}@article{02,
  author  = {T. {Wiegand} and G. J. {Sullivan} and G. {Bjontegaard} and A. {Luthra}},
  journal = {IEEE Transactions on Circuits and Systems for Video Technology},
  title   = {{Overview of the H.264/AVC video coding standard}},
  year    = {2003},
  volume  = {13},
  number  = {7},
  pages   = {560-576},
  doi     = {10.1109/TCSVT.2003.815165}
}@article{03,
  author  = {J. {Ohm} and G. J. {Sullivan} and H. {Schwarz} and T. K. {Tan} and T. {Wiegand}},
  journal = {IEEE Transactions on Circuits and Systems for Video Technology},
  title   = {{Comparison of the Coding Efficiency of Video Coding Standards—Including High Efficiency Video Coding (HEVC)}},
  year    = {2012},
  volume  = {22},
  number  = {12},
  pages   = {1669-1684},
  doi     = {10.1109/TCSVT.2012.2221192}
 
}@article{04,
  author  = {Z. {Pan} and H. {Shen} and Y. {Lu} and S. {Li} and N. {Yu}},
  journal = {IEEE Transactions on Circuits and Systems for Video Technology},
  title   = {{A Low-Complexity Screen Compression Scheme for Interactive Screen Sharing}},
  year    = {2013},
  volume  = {23},
  number  = {6},
  pages   = {949-960},
  doi     = {10.1109/TCSVT.2013.2243056}
}@inproceedings{05,
  author    = {V. {Sanchez} and J. {Bartrina-Rapesta}},
  booktitle = {2014 IEEE International Conference on Acoustics, Speech and Signal Processing (ICASSP)},
  title     = {{Lossless compression of medical images based on HEVC intra coding}},
  year      = {2014},
  volume    = {},
  number    = {},
  pages     = {6622-6626},
  doi       = {10.1109/ICASSP.2014.6854881}
}@article{06,
  author  = {J. {Xu} and R. {Joshi} and R. A. {Cohen}},
  journal = {IEEE Transactions on Circuits and Systems for Video Technology},
  title   = {{Overview of the Emerging HEVC Screen Content Coding Extension}},
  year    = {2016},
  volume  = {26},
  number  = {1},
  pages   = {50-62},
  doi     = {10.1109/TCSVT.2015.2478706}
}@inproceedings{07,
  author    = {M. {Mrak} and J. {Xu}},
  booktitle = {2012 Proceedings of the 20th European Signal Processing Conference (EUSIPCO)},
  title     = {{Improving screen content coding in HEVC by transform skipping}},
  year      = {2012},
  volume    = {},
  number    = {},
  pages     = {1209-1213},
  doi       = {}
}@article{08,
  author  = {K. {Fan} and R. {Wang} and G. {Li} and W. {Gao}},
  journal = {IEEE Transactions on Circuits and Systems for Video Technology},
  title   = {{Efficient Prediction Methods With Enhanced Spatial-Temporal Correlation for HEVC}},
  year    = {2019},
  volume  = {29},
  number  = {12},
  pages   = {3716-3728},
  doi     = {10.1109/TCSVT.2018.2885002}
}@article{09,
  author  = {M. {Zhou} and W. {Gao} and M. {Jiang} and H. {Yu}},
  journal = {IEEE Transactions on Circuits and Systems for Video Technology},
  title   = {{HEVC Lossless Coding and Improvements}},
  year    = {2012},
  volume  = {22},
  number  = {12},
  pages   = {1839-1843},
  doi     = {10.1109/TCSVT.2012.2221524}
}@techreport{10,
  author      = {M. {Zhou} and M. {Budagavi}},
  title       = {{RCE2: Experimental results on Test 3 and Test 4}},
  institution = {Joint Collaborative Team on Video Coding (JCT-VC)},
  type        = {Doc. JCTVC-M0056},
  year        = {2013},
  address     = {Incheon, Korea}
}@inproceedings{11,
  author    = {V. {Sanchez} and F. A. {Llinàs} and J. B. {Rapesta} and J. S. {Sagristà}},
  booktitle = {2014 Data Compression Conference},
  title     = {{Improvements to HEVC Intra Coding for Lossless Medical Image Compression}},
  year      = {2014},
  volume    = {},
  number    = {},
  pages     = {423-423},
  doi       = {10.1109/DCC.2014.76}
}@inproceedings{12,
  author    = {V. {Sanchez} and F. {Aulí-Llinàs} and J. {Bartrina-Rapesta} and J. {Serra-Sagristà}},
  booktitle = {2014 IEEE Global Conference on Signal and Information Processing (GlobalSIP)},
  title     = {{HEVC-based lossless compression of Whole Slide pathology images}},
  year      = {2014},
  volume    = {},
  number    = {},
  pages     = {297-301},
  doi       = {10.1109/GlobalSIP.2014.7032126}
}@article{13,
  author  = {V. {Sanchez} and F. {Aulí-Llinàs} and J. {Serra-Sagristà}},
  journal = {IEEE Transactions on Image Processing},
  title   = {{Piecewise Mapping in HEVC Lossless Intra-Prediction Coding}},
  year    = {2016},
  volume  = {25},
  number  = {9},
  pages   = {4004-4017},
  doi     = {10.1109/TIP.2016.2571065}
}@article{14,
  author  = {X. {Zhang} and C. {Gisquet} and E. {François} and F. {Zou} and O. C. {Au}},
  journal = {IEEE Transactions on Image Processing},
  title   = {{Chroma Intra Prediction Based on Inter-Channel Correlation for HEVC}},
  year    = {2014},
  volume  = {23},
  number  = {1},
  pages   = {274-286},
  doi     = {10.1109/TIP.2013.2288007}
}@article{15,
  author  = {K. {Zhang} and J. {Chen} and L. {Zhang} and X. {Li} and M. {Karczewicz}},
  journal = {IEEE Transactions on Image Processing},
  title   = {{Enhanced Cross-Component Linear Model for Chroma Intra-Prediction in Video Coding}},
  year    = {2018},
  volume  = {27},
  number  = {8},
  pages   = {3983-3997},
  doi     = {10.1109/TIP.2018.2830640}
}@inproceedings{16,
  author    = {V. {Sanchez}},
  booktitle = {2015 IEEE International Conference on Image Processing (ICIP)},
  title     = {{Lossless screen content coding in HEVC based on sample-wise median and edge prediction}},
  year      = {2015},
  volume    = {},
  number    = {},
  pages     = {4604-4608},
  doi       = {10.1109/ICIP.2015.7351679}
}@article{17,
  author  = {C. {Chen} and S. {Zhu} and B. {Zeng} and M. {Gabbouj}},
  journal = {IEEE Transactions on Circuits and Systems for Video Technology},
  title   = {{A New Block-Based Method for HEVC Intra Coding}},
  year    = {2017},
  volume  = {27},
  number  = {8},
  pages   = {1727-1736},
  doi     = {10.1109/TCSVT.2016.2556478}
}@article{18,
  author  = {X. {Liu} and Y. {Liu} and P. {Wang} and C. {Lai} and H. {Chao}},
  journal = {IEEE Transactions on Circuits and Systems for Video Technology},
  title   = {{An Adaptive Mode Decision Algorithm Based on Video Texture Characteristics for HEVC Intra Prediction}},
  year    = {2017},
  volume  = {27},
  number  = {8},
  pages   = {1737-1748},
  doi     = {10.1109/TCSVT.2016.2556278}
}@article{19,
  author  = {J. {Li} and B. {Li} and J. {Xu} and R. {Xiong}},
  journal = {IEEE Transactions on Circuits and Systems for Video Technology},
  title   = {{Efficient Multiple-Line-Based Intra Prediction for HEVC}},
  year    = {2018},
  volume  = {28},
  number  = {4},
  pages   = {947-957},
  doi     = {10.1109/TCSVT.2016.2633377}
}@article{20,
  author  = {X. {Cao} and C. {Lai} and Y. {Wang} and L. {Liu} and J. {Zheng} and Y. {He}},
  journal = {IEEE Transactions on Image Processing},
  title   = {{Short Distance Intra Coding Scheme for High Efficiency Video Coding}},
  year    = {2013},
  volume  = {22},
  number  = {2},
  pages   = {790-801},
  doi     = {10.1109/TIP.2012.2222904}
}@article{21,
  author  = {Y. {Zhang} and Z. {Pan} and N. {Li} and X. {Wang} and G. {Jiang} and S. {Kwong}},
  journal = {IEEE Transactions on Circuits and Systems for Video Technology},
  title   = {{Effective Data Driven Coding Unit Size Decision Approaches for HEVC INTRA Coding}},
  year    = {2018},
  volume  = {28},
  number  = {11},
  pages   = {3208-3222},
  doi     = {10.1109/TCSVT.2017.2747659}
}@article{22,
  author  = {S. {Cho} and M. {Kim}},
  journal = {IEEE Transactions on Circuits and Systems for Video Technology},
  title   = {{Fast CU Splitting and Pruning for Suboptimal CU Partitioning in HEVC Intra Coding}},
  year    = {2013},
  volume  = {23},
  number  = {9},
  pages   = {1555-1564},
  doi     = {10.1109/TCSVT.2013.2249017}
}@article{23,
  author  = {B. {Choi} and S. {Ko}},
  journal = {IEEE Transactions on Circuits and Systems for Video Technology},
  title   = {{Split-and-Merge-Based Block Partitioning for High Efficiency Image Coding}},
  year    = {2018},
  volume  = {28},
  number  = {2},
  pages   = {540-549},
  doi     = {10.1109/TCSVT.2016.2615498}
}@article{24,
  author  = {{K. Choi et al.}},
  journal = {IEEE Transactions on Circuits and Systems for Video Technology},
  title   = {{Video Codec Using Flexible Block Partitioning and Advanced Prediction, Transform and Loop Filtering Technologies}},
  year    = {2020},
  volume  = {30},
  number  = {5},
  pages   = {1326-1345},
  doi     = {10.1109/TCSVT.2020.2971268}
}@article{25,
  author  = {Z. {Gu} and W. {Lin} and B. {Lee} and C. T. {Lau} and M. {Sun}},
  journal = {IEEE Transactions on Image Processing},
  title   = {{Mode-Dependent Templates and Scan Order for H.264/AVC-Based Intra Lossless Coding}},
  year    = {2012},
  volume  = {21},
  number  = {9},
  pages   = {4106-4116},
  doi     = {10.1109/TIP.2012.2197630}
}@article{26,
  author  = {X. {Zhao} and J. {Chen} and M. {Karczewicz} and A. {Said} and V. {Seregin}},
  journal = {IEEE Transactions on Image Processing},
  title   = {{Joint Separable and Non-Separable Transforms for Next-Generation Video Coding}},
  year    = {2018},
  volume  = {27},
  number  = {5},
  pages   = {2514-2525},
  doi     = {10.1109/TIP.2018.2802202}
}@article{27,
  author  = {C. {Jia} and S. {Wang} and X. {Zhang} and S. {Wang} and J. {Liu} and S. {Pu} and S. {Ma}},
  journal = {IEEE Transactions on Image Processing},
  title   = {{Content-Aware Convolutional Neural Network for In-Loop Filtering in High Efficiency Video Coding}},
  year    = {2019},
  volume  = {28},
  number  = {7},
  pages   = {3343-3356},
  doi     = {10.1109/TIP.2019.2896489}
}@article{28,
  author  = {J. {Li} and M. {Wang} and L. {Zhang} and K. {Zhang} and H. {Liu} and S. {Wang} and S. {Ma} and W. {Gao}},
  journal = {IEEE Transactions on Image Processing},
  title   = {{Unified Intra Mode Coding Based on Short and Long Range Correlations}},
  year    = {2020},
  volume  = {29},
  number  = {},
  pages   = {7245-7260},
  doi     = {10.1109/TIP.2020.3000351}
}@article{29,
  author  = {M. J. {Weinberger} and G. {Seroussi} and G. {Sapiro}},
  journal = {IEEE Transactions on Image Processing},
  title   = {{The LOCO-I lossless image compression algorithm: principles and standardization into JPEG-LS}},
  year    = {2000},
  volume  = {9},
  number  = {8},
  pages   = {1309-1324},
  doi     = {10.1109/83.855427}
}@software{30,
  author = {{ITU-T Video Coding Experts Group and the ISO/IEC Moving Picture Experts Group}},
  title  = {{HM15.0 software}},
  url    = {https://vcgit.hhi.fraunhofer.de/jct-vc/HM}
}@techreport{31,
  author      = {F. {Bossen}},
  title       = {{Common HM Test Conditions and Software Reference Configurations}},
  institution = {Joint Collaborative Team on Video Coding (JCT-VC)},
  type        = {Doc. JCTVC-L1100},
  year        = {2013},
  address     = {Geneva}
}@techreport{a,
  author      = {B. {Bross} and J. {Chen} and S. {Liu}},
  title       = {{Versatile Video Coding Editorial Refinements on Draft 10}},
  institution = {Joint Video Experts Team (JVET)},
  type        = {Doc. JVET-T2001},
  year        = {Nov. 2020},
  address     = {}
}@techreport{b,
  author      = {J. {Chen} and Y. {Y e} and S.-H. {Kim}},
  title       = {Algorithm Description for Versatile Video Coding and Test Model 11 (VTM 11)},
  institution = {Joint Video Experts Team (JVET)},
  type        = {Doc. JVET-T2002},
  year        = {Jan. 2021},
  address     = {}
}@article{d,
author={ {Yung-Lyul Lee} and {Ki-Hun Han} and G. J. {Sullivan}},
journal={IEEE Transactions on Image Processing},
title={{Improved lossless intra coding for H.264/MPEG-4 AVC}},
year={2006},
volume={15},
number={9},
pages={2610-2615},
doi={10.1109/TIP.2006.877396}
}@ARTICLE{e,
  author={D. {Flynn} and D. {Marpe} and M. {Naccari} and T. {Nguyen} and C. {Rosewarne} and K. {Sharman} and J. {Sole} and J. {Xu}},
  journal={IEEE Transactions on Circuits and Systems for Video Technology}, 
  title={{Overview of the Range Extensions for the HEVC Standard: Tools, Profiles, and Performance}}, 
  year={2016},
  volume={26},
  number={1},
  pages={4-19},
  doi={10.1109/TCSVT.2015.2478707}
}@techreport{f,
  author      = {C. {Rosewarne}, K. {Sharman}, M. {Naccar}i, and G. J. {Sullivan}},
  title       = {{HEVC Range extensions test model 6 encoder description}},
  institution = {Joint Collaborative Team on Video Coding (JCT-VC)},
  type        = {Doc. JCTVC-Q1013},
  year        = {Mar. 2014},
  address     = {Valencia, Spain}
}@INPROCEEDINGS{g,
author={M. {Wien}},
title={{Extensions to HEVC. In: High Efficiency Video Coding. Signals and Communication Technology. Springer, Berlin, Heidelberg.}},
year={2015},
doi={10.1109/SITIS.2014.87}
}@INPROCEEDINGS{h,
author={K. {Kim} and G. {Jeon} and J. {Jeong}},
booktitle={2014 Tenth International Conference on Signal-Image Technology and Internet-Based Systems},
title={{Improvement of Implicit Residual DPCM for HEVC}},
year={2014},
volume={},
number={},
pages={652-658},
doi={10.1109/SITIS.2014.87}
}@INPROCEEDINGS{i,
author={G. {Jeon} and K. {Kim} and J. {Jeong}},
booktitle={2014 27th SIBGRAPI Conference on Graphics, Patterns and Images},
title={{Improved Residual DPCM for HEVC Lossless Coding}},
year={2014},
volume={},
number={},
pages={95-102},
doi={10.1109/SIBGRAPI.2014.31}
}